<?xml version="1.0" encoding="UTF-8"?><record xmlns="http://www.loc.gov/MARC21/slim" xmlns:cinclude="http://apache.org/cocoon/include/1.0" xmlns:zs="http://www.loc.gov/zing/srw/">
  <leader>00536nz  a2200157n  4500</leader>
  <controlfield tag="001">ns2012002498</controlfield>
  <controlfield tag="003">DLC</controlfield>
  <controlfield tag="005">20120614075120.0</controlfield>
  <controlfield tag="008">120612n| acannaabn          |a aaa     c</controlfield>
  <datafield tag="010" ind1=" " ind2=" ">
    <subfield code="a">ns2012002498</subfield>
  </datafield>
  <datafield tag="035" ind1=" " ind2=" ">
    <subfield code="a">(CaEvSKY)skya9940172</subfield>
  </datafield>
  <datafield tag="040" ind1=" " ind2=" ">
    <subfield code="a">MX-SlUA</subfield>
    <subfield code="b">eng</subfield>
    <subfield code="c">MX-SlUA</subfield>
  </datafield>
  <datafield tag="100" ind1="1" ind2=" ">
    <subfield code="a">Báez Díaz Conti, Martha Patricia</subfield>
  </datafield>
  <datafield tag="400" ind1="1" ind2=" ">
    <subfield code="a">Díaz Conti, Martha Patricia Báez</subfield>
  </datafield>
  <datafield tag="400" ind1="1" ind2=" ">
    <subfield code="a">Conti, Martha Patricia Báez Díaz</subfield>
  </datafield>
  <datafield tag="670" ind1=" " ind2=" ">
    <subfield code="a">Aspectos de la violencia intrafamiliar: a puerta cerrada, 2011:</subfield>
    <subfield code="b">t.p. (Martha Patricia Báez Díaz Conti)</subfield>
  </datafield>
</record>